<?xml version="1.0" encoding="UTF-8" standalone="yes"?><record><leader>00771nam  2200265 a 4500</leader><controlfield tag="001">990001434230503831</controlfield><controlfield tag="005">20190320132831.0</controlfield><controlfield tag="008">030321s2003    sw            000 0 swe d</controlfield><datafield ind1=" " ind2=" " tag="035"><subfield code="a">(Aleph)000143423JUL01</subfield></datafield><datafield ind1=" " ind2=" " tag="035"><subfield code="a">(LIBRIS)54738695</subfield></datafield><datafield ind1=" " ind2=" " tag="035"><subfield code="a">(LIBRIS)990001434230503831</subfield></datafield><datafield ind1="0" ind2=" " tag="041"><subfield code="a">swe</subfield></datafield><datafield ind1=" " ind2=" " tag="082"><subfield code="a">025.4310715</subfield><subfield code="b">23/swe [MAPPED]</subfield></datafield><datafield ind1="0" ind2=" " tag="130"><subfield code="a">Huvuduppslag - uniform titel</subfield></datafield><datafield ind1="0" ind2="0" tag="245"><subfield code="a">Testboken :</subfield><subfield code="b">så testas systemen /</subfield><subfield code="c">Eva Törnblom</subfield></datafield><datafield ind1=" " ind2=" " tag="260"><subfield code="c">2003</subfield></datafield><datafield ind1=" " ind2="7" tag="650"><subfield code="a">Evas andra hänvisning</subfield><subfield code="2">jon</subfield></datafield><datafield ind1=" " ind2="7" tag="650"><subfield code="a">Evas testterm (153)</subfield><subfield code="2">jon</subfield></datafield><datafield ind1=" " ind2="7" tag="650"><subfield code="a">Evas headertest</subfield><subfield code="2">jon</subfield></datafield><datafield ind1="1" ind2=" " tag="700"><subfield code="a">żŻ</subfield></datafield><datafield ind1=" " ind2=" " tag="900"><subfield code="a">BK</subfield></datafield><datafield ind1=" " ind2="7" tag="953"><subfield code="a">Evas andra hänvisning</subfield><subfield code="2">jon</subfield></datafield><datafield ind1=" " ind2="7" tag="953"><subfield code="a">Evas testterm (153)</subfield><subfield code="2">jon</subfield></datafield><datafield ind1=" " ind2="7" tag="953"><subfield code="a">Evas headertest</subfield><subfield code="2">jon</subfield></datafield><datafield ind1=" " ind2=" " tag="999"><subfield code="a">54738695</subfield></datafield></record>